@article{abraham2023reaching,
    author  = {Ittai Abraham and Philipp Jovanovic and Mary Maller and Sarah Meiklejohn and Gilad Stern and Alin Tomescu},
    title   = {\href{https://link.springer.com/article/10.1007/s00446-022-00436-8}{Reaching Consensus for Asynchronous Distributed Key Generation}},
    journal = {Distributed Computing},
    volume  = {36},
    issue   = {3},
    year    = {2023}
}

@inproceedings{abraham2023bingo,
    author    = {Ittai Abraham and Philipp Jovanovic and Mary Maller and Sarah Meiklejohn and Gilad Stern},
    title     = {\href{https://link.springer.com/chapter/10.1007/978-3-031-38557-5_2}{Bingo: Adaptivity and Asynchrony in Verifiable Secret Sharing and Distributed Key Generation}},
    booktitle = {Advances in Cryptology -- CRYPTO 2023},
    year      = {2023}
}

@misc{mysticeti,
    title         = {\href{https://arxiv.org/abs/2310.14821}{Mysticeti: Low-Latency DAG Consensus with Fast Commit Path}},
    author        = {Kushal Babel and Andrey Chursin and George Danezis and Lefteris Kokoris-Kogias and Alberto Sonnino},
    year          = {2024},
    eprint        = {2310.14821},
    archiveprefix = {arXiv},
    primaryclass  = {cs.DC}
}

@inproceedings{bacho2022on,
    author    = {Renas Bacho and Julian Loss},
    title     = {\href{https://dl.acm.org/doi/10.1145/3548606.3560656}{On the Adaptive Security of the Threshold BLS Signature Scheme}},
    booktitle = {Proceedings of the 2022 ACM SIGSAC Conference on Computer and Communications Security},
    year      = {2022}
}

@inproceedings{bessani2014,
    author    = {Alysson Bessani and Jo√£o Sousa and Eduardo E.P. Alchieri},
    title     = {\href{https://ieeexplore.ieee.org/abstract/document/6903593}{State Machine Replication for the Masses with BFT-SMART}},
    booktitle = {2014 44th Annual IEEE/IFIP International Conference on Dependable Systems and Networks},
    year      = {2014}
}

@inproceedings{abraxes,
    author    = {Erica Blum and Jonathan Katz and Julian Loss and Kartik Nayak and Simon Ochsenreither},
    title     = {\href{https://dl.acm.org/doi/abs/10.1145/3576915.3623191}{Abraxas: Throughput-Efficient Hybrid Asynchronous Consensus}},
    booktitle = {CCS '23: Proceedings of the 2023 ACM SIGSAC Conference on Computer and Communications Security},
    year      = {2022}
}

@inproceedings{chen2023,
    author    = {Zixuan Chen and Lei Fan and Shengyun Liu and Marko Vukolic and Xiangzhe Wang and Jingjing Zhang},
    title     = {\href{https://dl.acm.org/doi/abs/10.1145/3590140.3629114}{Bridging the Gap of Timing Assumptions in Byzantine Consensus}},
    booktitle = {Middleware '23: Proceedings of the 24th International Middleware Conference},
    year      = {2023}
}

@article{cristian1995,
    title   = {\href{https://www.sciencedirect.com/science/article/pii/S0890540185710607}{Atomic Broadcast: From Simple Message Diffusion to Byzantine Agreement}},
    author  = {Flaviu Cristian and Houtan Aghili and Ray Strong and Danny Dolev},
    year    = {1995},
    journal = {Information and Computation, Volume 118, Issue 1}
}

@inproceedings{narwhal,
    author    = {George Danezis and Lefteris Kokoris-Kogias and Alberto Sonnino and Alexander Spiegelman},
    title     = {\href{https://dl.acm.org/doi/abs/10.1145/3590140.3629114}{Bridging the Gap of Timing Assumptions in Byzantine Consensus}},
    booktitle = {EuroSys '22: Proceedings of the Seventeenth European Conference on Computer Systems},
    year      = {2022}
}

@misc{das2024,
    title         = {\href{https://eprint.iacr.org/2024/677}{Asynchronous Consensus without Trusted Setup or Public-Key Cryptography}},
    author        = {Sourav Das and Sisi Duan and Shengqi Liu and Atsuki Momose and Ling Ren and Victor Shoup},
    year          = {2024},
    eprint        = {2024/677},
    archiveprefix = {IACR},
    primaryclass  = {cs.DC}
}

@article{dolev1983,
    title   = {\href{https://epubs.siam.org/doi/10.1137/0212045}{Authenticated Algorithms for Byzantine Agreement}},
    author  = {Daniel Dolev and Ray Strong},
    year    = {1983},
    journal = {SIAM Journal on Computing Volume 12, Issue 4}
}

@inproceedings{fin,
    author    = {Sisi Duan and Xin Wang and Haibin Zhang},
    title     = {\href{https://dl.acm.org/doi/10.1145/3576915.3616633}{FIN: Practical Signature-Free Asynchronous Common Subset in Constant Time}},
    booktitle = {CCS '23: Proceedings of the 2023 ACM SIGSAC Conference on Computer and Communications Security},
    year      = {2023}
}

@inproceedings{schroeder2006open,
    title        = {Open Versus Closed: A Cautionary Tale},
    author       = {Schroeder, Bianca and Wierman, Adam and Harchol-Balter, Mor},
    booktitle    = {Proceedings of the 3rd USENIX Symposium on Networked Systems Design and Implementation (NSDI 06)},
    year         = {2006},
    organization = {USENIX},
    location     = {San Jose, CA},
    month        = {May}
}

@article{fischer1985,
    title   = {\href{https://dl.acm.org/doi/abs/10.1145/3149.214121}{Impossibility of distributed consensus with one faulty process}},
    author  = {Michael J. Fischer, Nancy A. Lynch, Michael S. Paterson},
    year    = {1985},
    journal = {Journal of ACM, Volume 32, Issue 2}
}

@misc{jolteon,
    title         = {\href{https://arxiv.org/html/2106.10362v2}{Jolteon and Ditto: Network-Adaptive Efficient
                     Consensus with Asynchronous Fallback}},
    author        = {Rati Gelashvili and Lefteris Kokoris-Kogias and Alberto Sonnino and Alexander Spiegelman and Zhuolun Xiang},
    year          = {2021},
    eprint        = {2106.10362},
    archiveprefix = {arXiv},
    primaryclass  = {cs}
}

@misc{guerraoui2019,
    title         = {\href{https://arxiv.org/abs/1908.01738}{Scalable Byzantine Reliable Broadcast (Extended Version)}},
    author        = {Rachid Guerraoui and Petr Kuznetsov and Matteo Monti and Matej Pavlovic and Dragos-Adrian Seredinschi and Yann Vonlanthen},
    year          = {2019},
    eprint        = {1908.01738},
    archiveprefix = {arXiv},
    primaryclass  = {cs}
}

@inproceedings{dag-rider,
    author    = {Idit Keidar and Eleftherios Kokoris-Kogias and Oded Naor and Alexander Spiegelman},
    title     = {\href{https://arxiv.org/abs/2102.08325}{All You Need is DAG}},
    booktitle = {PODC'21: Proceedings of the 2021 ACM Symposium on Principles of Distributed Computing},
    year      = {2021}
}

@inproceedings{cordial-miners,
    author    = {Idit Keidar and Oded Naor and Ouri Poupko and Ehud Shapiro},
    title     = {\href{https://arxiv.org/abs/2205.09174}{Cordial Miners: Fast and Efficient Consensus for Every Eventuality}},
    booktitle = {37th International Symposium on Distributed Computing (DISC 2023)},
    year      = {2022}
}

@inproceedings{themis,
    author    = {Mahimna Kelkar and Soubhik Deb and Sishan Long and Ari Juels and Sreeram Kannan},
    title     = {\href{https://dl.acm.org/doi/10.1145/3576915.3616658}{Themis: Fast, Strong Order-Fairness in Byzantine Consensus}},
    booktitle = {CCS '23: Proceedings of the 2023 ACM SIGSAC Conference on Computer and Communications Security},
    year      = {2023}
}

@article{flexico,
    title   = {Flexico: An efficient dual-mode consensus protocol for blockchain networks},
    author  = {Shuyang Ren and Choonhwa Lee and Eunsam Kim and Sumi Helal},
    journal = {PLOS One},
    year    = {2022}
}

@inproceedings{bullshark,
    author    = {Alexander Spiegelman and Neil Giridharan and Alberto Sonnino and Lefteris Kokoris-Kogias},
    title     = {\href{https://dl.acm.org/doi/abs/10.1145/3548606.3559361}{Bullshark: DAG BFT Protocols Made Practical}},
    booktitle = {CCS '22: Proceedings of the 2022 ACM SIGSAC Conference on Computer and Communications Security},
    year      = {2022}
}

@misc{sui2023,
    title         = {\href{https://eprint.iacr.org/2023/15497}{Signature-Free Atomic Broadcast with Optimal O(n2) Messages and O(n1) Expected Time}},
    author        = {Xiao Sui and Xin Wang and Sisi Duan},
    year          = {2023},
    eprint        = {2023/1549},
    archiveprefix = {IACR},
    primaryclass  = {cs.DC}
}

@misc{mysticeti-code,
    title        = {Mysticeti: Low-latency dag consensus with fast commit path},
    author       = {Mysten Labs},
    howpublished = {\url{https://github.com/asonnino/mysticeti}},
    year         = {2024}
}

@book{cachin2011introduction,
    title     = {Introduction to reliable and secure distributed programming},
    author    = {Cachin, Christian and Guerraoui, Rachid and Rodrigues, Lu{\'\i}s},
    year      = {2011},
    publisher = {Springer Science \& Business Media}
}

@misc{rustcrypto-hashes,
    author       = {RustCrypto},
    title        = {RustCrypto: Hashes},
    howpublished = {\url{https://github.com/RustCrypto/hashes}},
    year         = 2024
}

@misc{ed25519-consensus,
    author       = {Henry de Valence},
    title        = {Ed25519 for consensus-critical contexts},
    howpublished = {\url{https://crates.io/crates/ed25519-consensus}},
    year         = 2024
}

@misc{tokio,
    author       = {The Tokio Team},
    title        = {Tokio},
    howpublished = {\url{https://tokio.rs}},
    year         = 2024
}

@inproceedings{abraham2019asymptotically,
    title     = {Asymptotically optimal validated asynchronous byzantine agreement},
    author    = {Abraham, Ittai and Malkhi, Dahlia and Spiegelman, Alexander},
    booktitle = {Proceedings of the 2019 ACM Symposium on Principles of Distributed Computing},
    pages     = {337--346},
    year      = {2019}
}

@inproceedings{blum2020asynchronous,
    title        = {Asynchronous byzantine agreement with subquadratic communication},
    author       = {Blum, Erica and Katz, Jonathan and Liu-Zhang, Chen-Da and Loss, Julian},
    booktitle    = {Theory of Cryptography: 18th International Conference, TCC 2020, Durham, NC, USA, November 16--19, 2020, Proceedings, Part I 18},
    pages        = {353--380},
    year         = {2020},
    organization = {Springer}
}

@inproceedings{cachin2000random,
    title     = {Random oracles in constantipole: practical asynchronous byzantine agreement using cryptography},
    author    = {Cachin, Christian and Kursawe, Klaus and Shoup, Victor},
    booktitle = {Proceedings of the nineteenth annual ACM symposium on Principles of distributed computing},
    pages     = {123--132},
    year      = {2000}
}

@article{loss2018combining,
    title   = {Combining asynchronous and synchronous byzantine agreement: The best of both worlds},
    author  = {Loss, Julian and Moran, Tal},
    journal = {Cryptology ePrint Archive},
    year    = {2018}
}

@inproceedings{boneh2001short,
    title        = {Short signatures from the Weil pairing},
    author       = {Boneh, Dan and Lynn, Ben and Shacham, Hovav},
    booktitle    = {International conference on the theory and application of cryptology and information security},
    pages        = {514--532},
    year         = {2001},
    organization = {Springer}
}

@inproceedings{kokoris2020asynchronous,
    title     = {Asynchronous Distributed Key Generation for Computationally-Secure Randomness, Consensus, and Threshold Signatures.},
    author    = {Kokoris Kogias, Eleftherios and Malkhi, Dahlia and Spiegelman, Alexander},
    booktitle = {Proceedings of the 2020 ACM SIGSAC Conference on Computer and Communications Security},
    pages     = {1751--1767},
    year      = {2020}
}

@inproceedings{dumbo-ng,
    title     = {Dumbo-ng: Fast asynchronous bft consensus with throughput-oblivious latency},
    author    = {Gao, Yingzi and Lu, Yuan and Lu, Zhenliang and Tang, Qiang and Xu, Jing and Zhang, Zhenfeng},
    booktitle = {Proceedings of the 2022 ACM SIGSAC Conference on Computer and Communications Security},
    pages     = {1187--1201},
    year      = {2022}
}

@inproceedings{dispersedledger,
    title     = {$\{$DispersedLedger$\}$:$\{$High-Throughput$\}$ Byzantine Consensus on Variable Bandwidth Networks},
    author    = {Yang, Lei and Park, Seo Jin and Alizadeh, Mohammad and Kannan, Sreeram and Tse, David},
    booktitle = {19th USENIX Symposium on Networked Systems Design and Implementation (NSDI 22)},
    pages     = {493--512},
    year      = {2022}
}

@article{twins,
    title   = {Twins: Bft systems made robust},
    author  = {Bano, Shehar and Sonnino, Alberto and Chursin, Andrey and Perelman, Dmitri and Li, Zekun and Ching, Avery and Malkhi, Dahlia},
    journal = {arXiv preprint arXiv:2004.10617},
    year    = {2020}
}

@article{shoal,
    title   = {Shoal: Improving dag-bft latency and robustness},
    author  = {Spiegelman, Alexander and Arun, Balaji and Gelashvili, Rati and Li, Zekun},
    journal = {arXiv preprint arXiv:2306.03058},
    year    = {2023}
}

@article{shoal++,
    title   = {Shoal++: High Throughput DAG BFT Can Be Fast!},
    author  = {Arun, Balaji and Li, Zekun and Suri-Payer, Florian and Das, Sourav and Spiegelman, Alexander},
    journal = {arXiv preprint arXiv:2405.20488},
    year    = {2024}
}

@article{sailfish,
    title   = {Sailfish: Towards Improving Latency of DAG-based BFT},
    author  = {Shrestha, Nibesh and Shrothrium, Rohan and Kate, Aniket and Nayak, Kartik},
    journal = {Cryptology ePrint Archive},
    year    = {2024}
}

@inproceedings{sok-dag,
    title        = {SoK: DAG-based Consensus Protocols},
    author       = {Raikwar, Mayank and Polyanskii, Nikita and M{\"u}ller, Sebastian},
    booktitle    = {2024 IEEE International Conference on Blockchain and Cryptocurrency (ICBC)},
    pages        = {1--18},
    year         = {2024},
    organization = {IEEE}
}

@misc{bullshark-partial-sync,
    title        = {Bullshark: the partially synchronous version},
    author       = {Spiegelman, Alexander and Giridharan, Neil and Sonnino, Alberto and Kokoris-Kogias, Lefteris},
    howpublished = {arXiv preprint arXiv:2209.05633},
    year         = {2022}
}

@article{threshold-clock,
    author  = {Bryan Ford},
    title   = {Threshold Logical Clocks for Asynchronous Distributed Coordination
               and Consensus},
    journal = {CoRR},
    volume  = {abs/1907.07010},
    year    = {2019}
}

@article{bbca-chain,
    title   = {BBCA-CHAIN: One-Message, Low Latency BFT Consensus on a DAG},
    author  = {Malkhi, Dahlia and Stathakopoulou, Chrysoula and Yin, Maofan},
    journal = {arXiv preprint arXiv:2310.06335},
    year    = {2023}
}

@article{fino,
    title   = {Maximal extractable value (mev) protection on a dag},
    author  = {Malkhi, Dahlia and Szalachowski, Pawel},
    journal = {arXiv preprint arXiv:2208.00940},
    year    = {2022}
}

@article{sok-consensus,
    title   = {Consensus in the age of blockchains},
    author  = {Bano, Shehar and Sonnino, Alberto and Al-Bassam, Mustafa and Azouvi, Sarah and McCorry, Patrick and Meiklejohn, Sarah and Danezis, George},
    journal = {arXiv preprint arXiv:1711.03936},
    year    = {2017}
}

@inproceedings{consensus-dos,
    title     = {An Empirical Study of Consensus Protocols‚Äô DoS Resilience},
    author    = {Giuliari, Giacomo and Sonnino, Alberto and Frei, Marc and Streun, Fabio and Kokoris-Kogias, Lefteris and Perrig, Adrian},
    booktitle = {Proceedings of the 19th ACM Asia Conference on Computer and Communications Security},
    pages     = {1345--1360},
    year      = {2024}
}

@misc{sui,
    title        = {The Sui Blockchain},
    author       = {{The Sui team}},
    howpublished = {\url{http://sui.io}},
    year         = 2023
}

@misc{aptos,
    title        = {Aptos},
    author       = {{The Aptos team}},
    howpublished = {\url{https://aptoslabs.com}},
    year         = 2023
}

@misc{solana,
    title        = {Solana: Powerful for developers. Fast for everyone.},
    author       = {{The Solana team}},
    howpublished = {\url{https://solana.com}},
    year         = 2024
}

@misc{sui-lutris,
    title        = {Sui Lutris: A Blockchain Combining Broadcast and Consensus},
    author       = {Blackshear, Sam and Chursin, Andrey and Danezis, George and Kichidis, Anastasios and Kokoris-Kogias, Lefteris and Li, Xun and Logan, Mark and Menon, Ashok and Nowacki, Todd and Sonnino, Alberto and others},
    year         = {2023},
    howpublished = {arXiv:2310.18042}
}

@inproceedings{pbft,
    author    = {Miguel Castro and
                 Barbara Liskov},
    editor    = {Margo I. Seltzer and
                 Paul J. Leach},
    title     = {Practical Byzantine Fault Tolerance},
    booktitle = {Proceedings of the Third {USENIX} Symposium on Operating Systems Design
                 and Implementation (OSDI), New Orleans, Louisiana, USA, February 22-25,
                 1999},
    pages     = {173--186},
    publisher = {{USENIX} Association},
    year      = {1999}
}

@inproceedings{hotstuff,
    title     = {HotStuff: BFT consensus with linearity and responsiveness},
    author    = {Yin, Maofan and Malkhi, Dahlia and Reiter, Michael K and Gueta, Guy Golan and Abraham, Ittai},
    booktitle = {Proceedings of the 2019 ACM Symposium on Principles of Distributed Computing},
    pages     = {347--356},
    year      = {2019}
}

@article{ethereum,
    title   = {Ethereum white paper},
    author  = {Buterin, Vitalik and others},
    journal = {GitHub repository},
    volume  = {1},
    pages   = {22--23},
    year    = {2013}
}

@article{bitcoin,
    title   = {Bitcoin: A peer-to-peer electronic cash system},
    author  = {Nakamoto, Satoshi},
    journal = {Satoshi Nakamoto},
    year    = {2008}
}

@inproceedings{gradeddag,
    title        = {Gradeddag: An asynchronous dag-based bft consensus with lower latency},
    author       = {Dai, Xiaohai and Zhang, Zhaonan and Xiao, Jiang and Yue, Jingtao and Xie, Xia and Jin, Hai},
    booktitle    = {2023 42nd International Symposium on Reliable Distributed Systems (SRDS)},
    pages        = {107--117},
    year         = {2023},
    organization = {IEEE}
}

@article{wahoo,
    title     = {Wahoo: A DAG-based BFT Consensus with Low Latency and Low Communication Overhead},
    author    = {Dai, Xiaohai and Zhang, Zhaonan and Guo, Zhengxuan and Ding, Chaozheng and Xiao, Jiang and Xie, Xia and Hao, Rui and Jin, Hai},
    journal   = {IEEE Transactions on Information Forensics and Security},
    year      = {2024},
    publisher = {IEEE}
}

@article{lightdag,
    title   = {Lightdag: A low-latency dag-based bft consensus through lightweight broadcast},
    author  = {Dai, Xiaohai and Wang, Guanxiong and Xiao, Jiang and Guo, Zhengxuan and Hao, Rui and Xie, Xia and Jin, Hai},
    journal = {Cryptology ePrint Archive},
    year    = {2024}
}

@inproceedings{hammerhead,
    title        = {Hammerhead: Leader reputation for dynamic scheduling},
    author       = {Tsimos, Giorgos and Kichidis, Anastasios and Sonnino, Alberto and Kokoris-Kogias, Lefteris},
    booktitle    = {2024 IEEE 44th International Conference on Distributed Computing Systems (ICDCS)},
    pages        = {1377--1387},
    year         = {2024},
    organization = {IEEE}
}

@misc{sui-code,
    title        = {The Sui Blockchain},
    author       = {{Mysten Labs}},
    howpublished = {\url{https://github.com/mystenLabs/sui}},
    year         = 2024
}

@inproceedings{douceur2002sybil,
    title        = {The sybil attack},
    author       = {Douceur, John R},
    booktitle    = {International workshop on peer-to-peer systems},
    pages        = {251--260},
    year         = {2002},
    organization = {Springer}
}

@misc{kucci2021proof,
    title  = {Proof-of-stake blockchain: Ouroboros},
    author = {Ku{\c{c}}i, Arb{\"e}r and Cachin, Christian and Marson, Giorgia Azzurra},
    year   = {2021}
}

@misc{sui-scan,
    title        = {{suiscan}},
    author       = {{The Sui scan team}},
    howpublished = {\url{https://suiscan.xyz/mainnet/home}},
    year         = {2024}
}

@article{krol2024disc,
    title   = {DISC-NG: Robust Service Discovery in the Ethereum Global Network},
    author  = {Kr{\'o}l, Micha{\l} and Ascigil, Onur and Rene, Sergi and Sonnino, Alberto and Pigaglio, Matthieu and Sadre, Ramin and Lange, Felix and Riviere, Etienne},
    journal = {R},
    year    = {2024}
}

@inproceedings{he2023don,
    title     = {Don‚Äôt trust, verify: The case of slashing from a popular ethereum explorer},
    author    = {He, Zhiguo and Li, Jiasun and Wu, Zhengxun},
    booktitle = {Companion Proceedings of the ACM Web Conference 2023},
    pages     = {1078--1084},
    year      = {2023}
}

@article{dwork1988consensus,
    title     = {Consensus in the presence of partial synchrony},
    author    = {Dwork, Cynthia and Lynch, Nancy and Stockmeyer, Larry},
    journal   = {Journal of the ACM (JACM)},
    volume    = {35},
    number    = {2},
    pages     = {288--323},
    year      = {1988},
    publisher = {ACM New York, NY, USA}
}

@article{dai2024remora,
    title     = {Remora: A Low-latency DAG-based BFT through Optimistic Paths},
    author    = {Dai, Xiaohai and Li, Wei and Wang, Guanxiong and Xiao, Jiang and Chen, Haoyang and Li, Shufei and Zomaya, Albert Y and Jin, Hai},
    journal   = {IEEE Transactions on Computers},
    year      = {2024},
    publisher = {IEEE}
}